@misc{Lugowski2023FastMatrixMarket,
  author = {Adam Lugowski},
  doi    = {10.5281/zenodo.10223767},
  note   = {(Accessed: December 28, 2023)},
  title  = {fast matrix market: Fast and Full-Featured Matrix Market I/O Library},
  url    = {https://github.com/alugowski/fast_matrix_market},
  year   = 2023
}

@article{Davis2011UFCollection,
  author  = {Timothy A. Davis and Yifan Hu},
  doi     = {10.1145/2049662.2049663},
  journal = {ACM Transactions on Mathematical Software},
  note    = {(Accessed: December 28, 2023)},
  number  = {1},
  pages   = {1:1--1:25},
  title   = {The University of Florida Sparse Matrix Collection},
  url     = {https://sparse.tamu.edu/},
  volume  = {38},
  year    = 2011
}

@article{Kolodziej2019SuiteSparseInterface,
  author  = {Scott P. Kolodziej and Mohsen Aznaveh and Matthew Bullock and Jarrett David and Timothy A. Davis and Matthew Henderson and Yifan Hu and Read Sandstrom},
  doi     = {10.21105/joss.01244},
  journal = {Journal of Open Source Software},
  note    = {(Accessed: December 28, 2023)},
  number  = {35},
  pages   = {1244--1248},
  title   = {The SuiteSparse Matrix Collection Website Interface},
  url     = {https://sparse.tamu.edu/},
  volume  = {4},
  year    = 2019
}

@misc{7912681,
  author    = {Guyon, David and Orgerie, Anne-CÃ©cile and Morin, Chrtistine and Agarwal, Deb},
  booktitle = {2017 25th Euromicro International Conference on Parallel, Distributed and Network-based Processing (PDP)},
  doi       = {10.1109/PDP.2017.62},
  keywords  = {Cloud computing;Servers;Energy consumption;Memory management;Electronic mail;Hardware;Pricing;cloud computing;green computing;HPC applications},
  note      = {(Accessed: December 28, 2023)},
  pages     = {416-420},
  title     = {How Much Energy Can Green HPC Cloud Users Save?},
  url       = {https://ieeexplore.ieee.org/document/7912681},
  year      = {2017}
}

@misc{9917654,
  author    = {Geetanjali and Quraishi, Suhail Javed},
  booktitle = {2022 Third International Conference on Intelligent Computing Instrumentation and Control Technologies (ICICICT)},
  doi       = {10.1109/ICICICT54557.2022.9917654},
  keywords  = {Cloud computing;Power demand;Instruments;Green products;Hydrocarbons;Green computing;Load management;Cloud Computing;Green Cloud Computing;Green IT;Energy Saving Strategies},
  note      = {(Accessed: December 28, 2023)},
  pages     = {1496-1500},
  title     = {Energy Savings using Green Cloud Computing},
  url       = {https://ieeexplore.ieee.org/document/9917654},
  year      = {2022}
}


@misc{6270748,
  author    = {Subramaniam, Balaji and Feng, Wu-chun},
  booktitle = {2012 IEEE 26th International Parallel and Distributed Processing Symposium Workshops & PhD Forum},
  doi       = {10.1109/IPDPSW.2012.123},
  keywords  = {Benchmark testing;Measurement;Equations;Green products;Supercomputers;Stress;Indexes;Green Index;Benchmarking;Energy-Efficiciency},
  note      = {(Accessed: December 28, 2023)},
  pages     = {1007-1013},
  title     = {The Green Index: A Metric for Evaluating System-Wide Energy Efficiency in HPC Systems},
  url       = {https://ieeexplore.ieee.org/document/6270748},
  year      = {2012}
}


@misc{9190269,
  author    = {Karwa, Nitin},
  booktitle = {2020 19th IEEE Intersociety Conference on Thermal and Thermomechanical Phenomena in Electronic Systems (ITherm)},
  doi       = {10.1109/ITherm45881.2020.9190269},
  keywords  = {Heat transfer;Fluids;Cold plates;Microchannels;Heating systems;Pumps;microchannel cold plate;water;R1233zd(E);R1234ze(E);R134a;hydrofluoroolefins;thermal resistance},
  note      = {(Accessed: December 28, 2023)},
  pages     = {283-290},
  title     = {Ultra-Low Global Warming Potential Heat Transfer Fluids for Pumped Two-Phase Cooling in HPC Data Centers},
  url       = {https://ieeexplore.ieee.org/document/9190269},
  year      = 2020
}
 
@misc{Kupiainen2021HPCGreenDigital,
  author  = {Irina Kupiainen},
  journal = {CSC},
  note    = {(Accessed: January 02, 2024)},
  title   = {HPC at the core of green and digital transition},
  url     = {https://www.scientific-computing.com/viewpoint/hpc-core-green-and-digital-transition},
  year    = {2021}
}

@misc{petsc-web-page,
  author       = {Satish Balay and Shrirang Abhyankar and Mark~F. Adams and Steven Benson and Jed
                  Brown and Peter Brune and Kris Buschelman and Emil~M. Constantinescu and Lisandro
                  Dalcin and Alp Dener and Victor Eijkhout and Jacob Faibussowitsch and William~D.
                  Gropp and V\'{a}clav Hapla and Tobin Isaac and Pierre Jolivet and Dmitry Karpeev
                  and Dinesh Kaushik and Matthew~G. Knepley and Fande Kong and Scott Kruger and
                  Dave~A. May and Lois Curfman McInnes and Richard Tran Mills and Lawrence Mitchell
                  and Todd Munson and Jose~E. Roman and Karl Rupp and Patrick Sanan and Jason Sarich
                  and Barry~F. Smith and Stefano Zampini and Hong Zhang and Hong Zhang and Junchao
                  Zhang},
  howpublished = {\url{https://petsc.org/}},
  note         = {(Accessed: December 28, 2023)},
  title        = {{PETS}c {W}eb page},
  url          = {https://petsc.org/},
  year         = {2023}
}